@article{Ijaecs110,
	author = {R Karhe},
	title = {ECG Signal Analysis Techniques- A Survey Approach},
	journal = {International Journal of Advanced Electronics and Communication Systems},
	volume = {0},
	number = {0},
	year = {2014},
	keywords = {},
	abstract = {ECG Feature Extraction plays a significant role in diagnosing most of the cardiac diseases. One cardiac cycle in an ECG signal consists of the P-QRS-T waves. This feature extraction scheme determines the amplitudes and intervals in the ECG signal for subsequent analysis. The amplitudes and intervals value of P-QRS-T segment determines the functioning of heart of every human. Recently, numerous research and techniques have been developed for analyzing the ECG signal. The proposed schemes were mostly based on Fuzzy Logic Methods, Artificial Neural Networks (ANN), Genetic Algorithm (GA), Support Vector Machines (SVM), and other Signal Analysis techniques. All these techniques and algorithms have their advantages and limitations. This proposed paper discusses various techniques and transformations proposed earlier in literature for extracting feature from an ECG signal.},
	issn = {2277-7318},	url = {http://techniche-edu.in/journals/index.php/ijaecs/article/view/110}
}

@inproceedings{salem2009machine,
  title={Machine learning in electrocardiogram diagnosis},
  author={Salem, Abdel Badeeh M and Revett, Kenneth and El-Dahshan, El-Sayed Ahmed},
  booktitle={Computer Science and Information Technology, 2009. IMCSIT'09. International Multiconference on},
  pages={429--433},
  year={2009},
  organization={IEEE}
}

@inproceedings{guvenir1997supervised,
  title={A supervised machine learning algorithm for arrhythmia analysis},
  author={G{\"u}venir, H and Acar, Burak and Demir{\"o}z, G{\"u}lsen and others},
  booktitle={Computers in Cardiology 1997},
  pages={433--436},
  year={1997},
  organization={IEEE}
}

@inproceedings{martin2014cardiac,
  title={Cardiac arrhythmia discrimination using evolutionary computation},
  author={Martin-Garcia, Juan Francisco and Mora-Jim{\'e}nez, Inmaculada and Garcia-Alberola, Arcadio and Rojo-Alvarez, Jos{\'e} Luis},
  booktitle={Computing in Cardiology Conference (CinC), 2014},
  pages={121--124},
  year={2014},
  organization={IEEE}
}

@online{uci,
 author = {{UCI Machine Learning Repository}},
 title = {Arrhythmia Dataset, disponível em \url{https://archive.ics.uci.edu/ml/datasets/Arrhythmia}},
 url = {https://archive.ics.uci.edu/ml/datasets/Arrhythmia},
 year = {1998}
}

@online{fastlane,
 author = {{Life in The Fastlane}},
 title = {The P wave, disponível em \url{http://lifeinthefastlane.com/ecg-library/basics/p-wave/}},
 url = {http://lifeinthefastlane.com/ecg-library/basics/p-wave/},
}

@article{aleksander1984wisard,
  title={WISARD: a radical step forward in image recognition},
  author={Aleksander, Igor and Thomas, WV and Bowden, PA},
  journal={Sensor review},
  volume={4},
  number={3},
  pages={120--124},
  year={1984},
  publisher={MCB UP Ltd}
}

@article{Grieco:2010:PPE:1751674.1751890,
 author = {Grieco, Bruno P. A. and Lima, Priscila M. V. and De Gregorio, Massimo and Fran\c{c}a, Felipe M. G.},
 title = {Producing Pattern Examples from "Mental" Images},
 journal = {Neurocomput.},
 issue_date = {March, 2010},
 volume = {73},
 number = {7-9},
 month = mar,
 year = {2010},
 issn = {0925-2312},
 pages = {1057--1064},
 numpages = {8},
 url = {http://dx.doi.org/10.1016/j.neucom.2009.11.015},
 doi = {10.1016/j.neucom.2009.11.015},
 acmid = {1751890},
 publisher = {Elsevier Science Publishers B. V.},
 address = {Amsterdam, The Netherlands, The Netherlands},
 keywords = {DRASiW, Mental images, Pattern generation, Pattern recognition, Weightless neural networks, WiSARD},
} 


